<?xml version="1.0" encoding="UTF-8"?><collection xmlns="http://www.loc.gov/MARC21/slim"><record><leader>00598nam--2200181-i-4500</leader><controlfield tag="001">000012105</controlfield><controlfield tag="002">20161230</controlfield><controlfield tag="005">20161230201029</controlfield><controlfield tag="008">060222s1000------------r-----000-0-fre-d</controlfield><datafield ind1=" " ind2=" " tag="040"><subfield code="a">IFIN-HH</subfield></datafield><datafield ind1=" " ind2=" " tag="041"><subfield code="a">fre</subfield></datafield><datafield ind1=" " ind2=" " tag="080"><subfield code="a">530.12:530.145:535.14</subfield></datafield><datafield ind1="1" ind2=" " tag="100"><subfield code="a">Campbell, Norman Robert</subfield></datafield><datafield ind1="1" ind2="0" tag="245"><subfield code="a">Theorie quantique des spectres. la relativite. supplement a l ouvrage: la theorie electrique moderne. traduit de l'anglais par a. corvisy</subfield><subfield code="c">Norman robert campbell</subfield></datafield><datafield ind1=" " ind2=" " tag="260"><subfield code="a">Paris</subfield><subfield code="b">Librairie Scientifique J.Hermann</subfield><subfield code="c">1924</subfield></datafield><datafield ind1=" " ind2=" " tag="300"><subfield code="a">237 P</subfield></datafield><datafield ind1=" " ind2=" " tag="852"><subfield code="a">44580</subfield><subfield code="c">H.H</subfield></datafield><datafield ind1=" " ind2=" " tag="CAT"><subfield code="a">Sys</subfield><subfield code="c">20130412</subfield><subfield code="h">101154</subfield></datafield></record></collection>